
@inproceedings {1_VAST:VAST11:105-112,
  booktitle = {VAST: International Symposium on Virtual Reality, Archaeology and Intelligent Cultural Heritage},
  editor = {Franco Niccolucci and Matteo Dellepiane and Sebastian Pena Serna and Holly Rushmeier and Luc Van Gool},
  title = {{Real-time Rendering of Massive Unstructured Raw Point Clouds using Screen-space Operators}},
  author = {Pintus, Ruggero and Gobbetti, Enrico and Agus, Marco},
  year = {2011},
  publisher = {The Eurographics Association},
  ISSN = {1811-864X},
  ISBN = {978-3-905674-34-7},
  DOI = {10.2312/VAST/VAST11/105-112}
}

@article{2_yu:hal-01178051,
  TITLE = {{CAST: Effective and Efficient User Interaction for Context-Aware Selection in 3D Particle Clouds}},
  AUTHOR = {Yu, Lingyun and Efstathiou, Konstantinos and Isenberg, Petra and Isenberg, Tobias},
  URL = {https://hal.inria.fr/hal-01178051},
  JOURNAL = {{IEEE Transactions on Visualization and Computer Graphics}},
  PUBLISHER = {{Institute of Electrical and Electronics Engineers}},
  VOLUME = {22},
  NUMBER = {1},
  PAGES = {886--895},
  YEAR = {2016},
  MONTH = {01},
  DOI = {10.1109/TVCG.2015.2467202},
  KEYWORDS = {context-aware selection ; structure-aware selection ; spatial selection ; Selection ; user interaction ; exploratory data visualization and analysis ; 3D interaction},
  PDF = {https://hal.inria.fr/hal-01178051/file/Yu_2015_CEE.pdf},
  HAL_ID = {hal-01178051},
  HAL_VERSION = {v1}
}

@inproceedings{3_wenzel2014out,
  title={An out-of-core octree for massive point cloud processing},
  author={Wenzel, K and Rothermel, M and Fritsch, D and Haala, N},
  booktitle={PROCEEDINGS, IQMULUS 1ST WORKSHOP ON PROCESSING LARGE GEOSPATIAL DATA},
  pages={53},
  year={2014},
}

@article{4_goswami_zhang_pajarola_gobbetti_2010,
author={Goswami, Prashant and Zhang, Yanci and Pajarola, Renato and Gobbetti, Enrico},
title={High Quality Interactive Rendering of Massive Point Models Using Multi-way kd-Trees},
urldate={2016-11-15},
DOI={10.1109/pacificgraphics.2010.20},
journal={2010 18th Pacific Conference on Computer Graphics and Applications},
year={2010},
}

@article{5_richter_2010,
author={Richter, RicoD{\"o}llner, J{\"u}rgen},
title={Out-of-core real-time visualization of massive 3D point clouds},
urldate={2016-11-15},
DOI={10.1145/1811158.1811178},
journal={Proceedings of the 7th International Conference on Computer Graphics, Virtual Reality, Visualisation and Interaction in Africa - AFRIGRAPH '10},
year={2010},
}

@article{6_krishnan_crosby_nandigam_phan_cowart_baru_arrowsmith_2011,
author={Krishnan, Sriram and Crosby, Christopher and Nandigam, Viswanath and Phan, Minh and Cowart, Charles and Baru, Chaitanya and Arrowsmith, Ramon},
title={OpenTopography},
urldate={2016-11-15},
DOI={10.1145/1999320.1999327},
journal={Proceedings of the 2nd International Conference on Computing for Geospatial Research \& Applications - COM.Geo '11},
year={2011},
}

@article{7_wutakatsuka_2006,
author={Wu, YingxinTakatsuka, Masahiro},
title={Spherical self-organizing map using efficient indexed geodesic data structure},
volume={19},
urldate={2016-11-15},
DOI={10.1016/j.neunet.2006.05.021},
number={6-7},
journal={Neural Networks},
year={2006},
pages={900-910},
}

@article{8_lee1998traversing,
  title={Traversing the Triangle Elements of an Icosahedral Spherical Representation in Constant-Time},
  author={Lee, Michael and Samet, Hanan},
  journal={Proc. 8th Intl. Symp. on Spatial Data Handling},
  year={1998},
  pages={22-33},
}

@article{9_white_2000,
author={White, Denis},
title={Global Grids From Recursive Diamond Subdivisions of the Surface of an Octahedron or Icosahedron},
urldate={2016-11-15},
DOI={10.1007/978-94-011-4343-1_9},
journal={Monitoring Ecological Condition in the Western United States},
year={2000},
pages={93-103},
}

@misc{10_eppstein_2005,
author={Eppstein, David},
title={File:Point quadtree.svg - Wikimedia Commons},
url={https://commons.wikimedia.org/w/index.php?curid=2489019},
urldate={2016-11-15},
year={2005},
}

@misc{11_octree2.png,
author={WhiteTimberwolf},
title={file:octree2.svg - wikimedia commons},
url={https://commons.wikimedia.org/w/index.php?curid=9851485},
urldate={2016-11-15},
year={2016},
}

@misc{12_kdtree_2d.svg,
title={file:kdtree 2d.svg - wikimedia commons},
author={KiwiSunset},
url={https://commons.wikimedia.org/w/index.php?curid=16242249},
urldate={2016-11-15},
year={2016},
}

@misc{13_tree_0001.svg,
title={file:tree 0001.svg - wikimedia commons},
author={MYguel},
url={https://commons.wikimedia.org/w/index.php?curid=4535483},
urldate={2016-11-15},
year={2016},
}

@misc{15_opentopo_morrobay,
title={LiDAR and Raster Datasets Covering 1,500 Sq. Km. of the CA Central Coast},
url={http://www.opentopography.org/news/lidar-and-raster-datasets-covering-1500-sq-km-ca-central-coast-now-available},
urldate={2016-8-26},
year={2016},
}